%YAML 1.1
%TAG !u! tag:unity3d.com,2011:
--- !u!1 &853422487193921879
GameObject:
  m_ObjectHideFlags: 0
  m_CorrespondingSourceObject: {fileID: 0}
  m_PrefabInstance: {fileID: 0}
  m_PrefabAsset: {fileID: 0}
  serializedVersion: 6
  m_Component:
  - component: {fileID: 853422487193921872}
  - component: {fileID: 853422487193921874}
  - component: {fileID: 853422487193921873}
  m_Layer: 5
  m_Name: Meat_Image
  m_TagString: Untagged
  m_Icon: {fileID: 0}
  m_NavMeshLayer: 0
  m_StaticEditorFlags: 0
  m_IsActive: 1
--- !u!224 &853422487193921872
RectTransform:
  m_ObjectHideFlags: 0
  m_CorrespondingSourceObject: {fileID: 0}
  m_PrefabInstance: {fileID: 0}
  m_PrefabAsset: {fileID: 0}
  m_GameObject: {fileID: 853422487193921879}
  m_LocalRotation: {x: -0, y: -0, z: -0, w: 1}
  m_LocalPosition: {x: 0, y: 0, z: 0}
  m_LocalScale: {x: 1, y: 1, z: 1}
  m_Children: []
  m_Father: {fileID: 853422488230199593}
  m_RootOrder: 1
  m_LocalEulerAnglesHint: {x: 0, y: 0, z: 0}
  m_AnchorMin: {x: 0, y: 0}
  m_AnchorMax: {x: 0, y: 0}
  m_AnchoredPosition: {x: 54.49002, y: 87.700035}
  m_SizeDelta: {x: 37.04, y: 28.39}
  m_Pivot: {x: 0, y: 0}
--- !u!222 &853422487193921874
CanvasRenderer:
  m_ObjectHideFlags: 0
  m_CorrespondingSourceObject: {fileID: 0}
  m_PrefabInstance: {fileID: 0}
  m_PrefabAsset: {fileID: 0}
  m_GameObject: {fileID: 853422487193921879}
  m_CullTransparentMesh: 0
--- !u!114 &853422487193921873
MonoBehaviour:
  m_ObjectHideFlags: 0
  m_CorrespondingSourceObject: {fileID: 0}
  m_PrefabInstance: {fileID: 0}
  m_PrefabAsset: {fileID: 0}
  m_GameObject: {fileID: 853422487193921879}
  m_Enabled: 1
  m_EditorHideFlags: 0
  m_Script: {fileID: 11500000, guid: fe87c0e1cc204ed48ad3b37840f39efc, type: 3}
  m_Name: 
  m_EditorClassIdentifier: 
  m_Material: {fileID: 0}
  m_Color: {r: 1, g: 1, b: 1, a: 1}
  m_RaycastTarget: 1
  m_OnCullStateChanged:
    m_PersistentCalls:
      m_Calls: []
  m_Sprite: {fileID: 21300000, guid: 391e5b0ac38af3d478fae534507cdc00, type: 3}
  m_Type: 0
  m_PreserveAspect: 0
  m_FillCenter: 1
  m_FillMethod: 4
  m_FillAmount: 1
  m_FillClockwise: 1
  m_FillOrigin: 0
  m_UseSpriteMesh: 0
  m_PixelsPerUnitMultiplier: 1
--- !u!1 &853422488230199597
GameObject:
  m_ObjectHideFlags: 0
  m_CorrespondingSourceObject: {fileID: 0}
  m_PrefabInstance: {fileID: 0}
  m_PrefabAsset: {fileID: 0}
  serializedVersion: 6
  m_Component:
  - component: {fileID: 853422488230199593}
  - component: {fileID: 853422488230199592}
  - component: {fileID: 853422488230199599}
  - component: {fileID: 853422488230199598}
  m_Layer: 5
  m_Name: UserInterface
  m_TagString: Untagged
  m_Icon: {fileID: 0}
  m_NavMeshLayer: 0
  m_StaticEditorFlags: 0
  m_IsActive: 1
--- !u!224 &853422488230199593
RectTransform:
  m_ObjectHideFlags: 0
  m_CorrespondingSourceObject: {fileID: 0}
  m_PrefabInstance: {fileID: 0}
  m_PrefabAsset: {fileID: 0}
  m_GameObject: {fileID: 853422488230199597}
  m_LocalRotation: {x: 0, y: 0, z: 0, w: 1}
  m_LocalPosition: {x: 0, y: 0, z: 0}
  m_LocalScale: {x: 0, y: 0, z: 0}
  m_Children:
  - {fileID: 853422488977739777}
  - {fileID: 853422487193921872}
  - {fileID: 853422488844796684}
  - {fileID: 853422488458465064}
  - {fileID: 6158727267796442785}
  - {fileID: 7297349622844291602}
  - {fileID: 7623466676602014358}
  - {fileID: 2232223262653401686}
  - {fileID: 8649657913262268283}
  - {fileID: 7776168896713262465}
  m_Father: {fileID: 0}
  m_RootOrder: 0
  m_LocalEulerAnglesHint: {x: 0, y: 0, z: 0}
  m_AnchorMin: {x: 0, y: 0}
  m_AnchorMax: {x: 0, y: 0}
  m_AnchoredPosition: {x: 0, y: 0}
  m_SizeDelta: {x: 0, y: 0}
  m_Pivot: {x: 0, y: 0}
--- !u!223 &853422488230199592
Canvas:
  m_ObjectHideFlags: 0
  m_CorrespondingSourceObject: {fileID: 0}
  m_PrefabInstance: {fileID: 0}
  m_PrefabAsset: {fileID: 0}
  m_GameObject: {fileID: 853422488230199597}
  m_Enabled: 1
  serializedVersion: 3
  m_RenderMode: 0
  m_Camera: {fileID: 0}
  m_PlaneDistance: 100
  m_PixelPerfect: 0
  m_ReceivesEvents: 1
  m_OverrideSorting: 0
  m_OverridePixelPerfect: 0
  m_SortingBucketNormalizedSize: 0
  m_AdditionalShaderChannelsFlag: 0
  m_SortingLayerID: 0
  m_SortingOrder: 0
  m_TargetDisplay: 0
--- !u!114 &853422488230199599
MonoBehaviour:
  m_ObjectHideFlags: 0
  m_CorrespondingSourceObject: {fileID: 0}
  m_PrefabInstance: {fileID: 0}
  m_PrefabAsset: {fileID: 0}
  m_GameObject: {fileID: 853422488230199597}
  m_Enabled: 1
  m_EditorHideFlags: 0
  m_Script: {fileID: 11500000, guid: 0cd44c1031e13a943bb63640046fad76, type: 3}
  m_Name: 
  m_EditorClassIdentifier: 
  m_UiScaleMode: 0
  m_ReferencePixelsPerUnit: 100
  m_ScaleFactor: 1
  m_ReferenceResolution: {x: 800, y: 600}
  m_ScreenMatchMode: 0
  m_MatchWidthOrHeight: 0
  m_PhysicalUnit: 3
  m_FallbackScreenDPI: 96
  m_DefaultSpriteDPI: 96
  m_DynamicPixelsPerUnit: 1
--- !u!114 &853422488230199598
MonoBehaviour:
  m_ObjectHideFlags: 0
  m_CorrespondingSourceObject: {fileID: 0}
  m_PrefabInstance: {fileID: 0}
  m_PrefabAsset: {fileID: 0}
  m_GameObject: {fileID: 853422488230199597}
  m_Enabled: 1
  m_EditorHideFlags: 0
  m_Script: {fileID: 11500000, guid: dc42784cf147c0c48a680349fa168899, type: 3}
  m_Name: 
  m_EditorClassIdentifier: 
  m_IgnoreReversedGraphics: 1
  m_BlockingObjects: 0
  m_BlockingMask:
    serializedVersion: 2
    m_Bits: 4294967295
--- !u!1 &853422488458465071
GameObject:
  m_ObjectHideFlags: 0
  m_CorrespondingSourceObject: {fileID: 0}
  m_PrefabInstance: {fileID: 0}
  m_PrefabAsset: {fileID: 0}
  serializedVersion: 6
  m_Component:
  - component: {fileID: 853422488458465064}
  - component: {fileID: 853422488458465066}
  - component: {fileID: 853422488458465065}
  m_Layer: 5
  m_Name: Water_Image
  m_TagString: Untagged
  m_Icon: {fileID: 0}
  m_NavMeshLayer: 0
  m_StaticEditorFlags: 0
  m_IsActive: 1
--- !u!224 &853422488458465064
RectTransform:
  m_ObjectHideFlags: 0
  m_CorrespondingSourceObject: {fileID: 0}
  m_PrefabInstance: {fileID: 0}
  m_PrefabAsset: {fileID: 0}
  m_GameObject: {fileID: 853422488458465071}
  m_LocalRotation: {x: -0, y: -0, z: -0, w: 1}
  m_LocalPosition: {x: 0, y: 0, z: 0}
  m_LocalScale: {x: 1, y: 1, z: 1}
  m_Children: []
  m_Father: {fileID: 853422488230199593}
  m_RootOrder: 3
  m_LocalEulerAnglesHint: {x: 0, y: 0, z: 0}
  m_AnchorMin: {x: 0, y: 0}
  m_AnchorMax: {x: 0, y: 0}
  m_AnchoredPosition: {x: 60.92, y: 23.23}
  m_SizeDelta: {x: 15.4, y: 28.39}
  m_Pivot: {x: 0, y: 0}
--- !u!222 &853422488458465066
CanvasRenderer:
  m_ObjectHideFlags: 0
  m_CorrespondingSourceObject: {fileID: 0}
  m_PrefabInstance: {fileID: 0}
  m_PrefabAsset: {fileID: 0}
  m_GameObject: {fileID: 853422488458465071}
  m_CullTransparentMesh: 0
--- !u!114 &853422488458465065
MonoBehaviour:
  m_ObjectHideFlags: 0
  m_CorrespondingSourceObject: {fileID: 0}
  m_PrefabInstance: {fileID: 0}
  m_PrefabAsset: {fileID: 0}
  m_GameObject: {fileID: 853422488458465071}
  m_Enabled: 1
  m_EditorHideFlags: 0
  m_Script: {fileID: 11500000, guid: fe87c0e1cc204ed48ad3b37840f39efc, type: 3}
  m_Name: 
  m_EditorClassIdentifier: 
  m_Material: {fileID: 0}
  m_Color: {r: 1, g: 1, b: 1, a: 1}
  m_RaycastTarget: 1
  m_OnCullStateChanged:
    m_PersistentCalls:
      m_Calls: []
  m_Sprite: {fileID: 21300000, guid: b041ee03815b58e4f822380f26fca36b, type: 3}
  m_Type: 0
  m_PreserveAspect: 0
  m_FillCenter: 1
  m_FillMethod: 4
  m_FillAmount: 1
  m_FillClockwise: 1
  m_FillOrigin: 0
  m_UseSpriteMesh: 0
  m_PixelsPerUnitMultiplier: 1
--- !u!1 &853422488844796675
GameObject:
  m_ObjectHideFlags: 0
  m_CorrespondingSourceObject: {fileID: 0}
  m_PrefabInstance: {fileID: 0}
  m_PrefabAsset: {fileID: 0}
  serializedVersion: 6
  m_Component:
  - component: {fileID: 853422488844796684}
  - component: {fileID: 853422488844796686}
  - component: {fileID: 853422488844796685}
  m_Layer: 5
  m_Name: Sugar_Image
  m_TagString: Untagged
  m_Icon: {fileID: 0}
  m_NavMeshLayer: 0
  m_StaticEditorFlags: 0
  m_IsActive: 1
--- !u!224 &853422488844796684
RectTransform:
  m_ObjectHideFlags: 0
  m_CorrespondingSourceObject: {fileID: 0}
  m_PrefabInstance: {fileID: 0}
  m_PrefabAsset: {fileID: 0}
  m_GameObject: {fileID: 853422488844796675}
  m_LocalRotation: {x: -0, y: -0, z: -0, w: 1}
  m_LocalPosition: {x: 0, y: 0, z: 0}
  m_LocalScale: {x: 1, y: 1, z: 1}
  m_Children: []
  m_Father: {fileID: 853422488230199593}
  m_RootOrder: 2
  m_LocalEulerAnglesHint: {x: 0, y: 0, z: 0}
  m_AnchorMin: {x: 0, y: 0}
  m_AnchorMax: {x: 0, y: 0}
  m_AnchoredPosition: {x: 54.49, y: 55.43}
  m_SizeDelta: {x: 28.26, y: 28.39}
  m_Pivot: {x: 0, y: 0}
--- !u!222 &853422488844796686
CanvasRenderer:
  m_ObjectHideFlags: 0
  m_CorrespondingSourceObject: {fileID: 0}
  m_PrefabInstance: {fileID: 0}
  m_PrefabAsset: {fileID: 0}
  m_GameObject: {fileID: 853422488844796675}
  m_CullTransparentMesh: 0
--- !u!114 &853422488844796685
MonoBehaviour:
  m_ObjectHideFlags: 0
  m_CorrespondingSourceObject: {fileID: 0}
  m_PrefabInstance: {fileID: 0}
  m_PrefabAsset: {fileID: 0}
  m_GameObject: {fileID: 853422488844796675}
  m_Enabled: 1
  m_EditorHideFlags: 0
  m_Script: {fileID: 11500000, guid: fe87c0e1cc204ed48ad3b37840f39efc, type: 3}
  m_Name: 
  m_EditorClassIdentifier: 
  m_Material: {fileID: 0}
  m_Color: {r: 1, g: 1, b: 1, a: 1}
  m_RaycastTarget: 1
  m_OnCullStateChanged:
    m_PersistentCalls:
      m_Calls: []
  m_Sprite: {fileID: 21300000, guid: a25a68a07bf189e4a9e4511e70dd5a22, type: 3}
  m_Type: 0
  m_PreserveAspect: 0
  m_FillCenter: 1
  m_FillMethod: 4
  m_FillAmount: 1
  m_FillClockwise: 1
  m_FillOrigin: 0
  m_UseSpriteMesh: 0
  m_PixelsPerUnitMultiplier: 1
--- !u!1 &853422488977739776
GameObject:
  m_ObjectHideFlags: 0
  m_CorrespondingSourceObject: {fileID: 0}
  m_PrefabInstance: {fileID: 0}
  m_PrefabAsset: {fileID: 0}
  serializedVersion: 6
  m_Component:
  - component: {fileID: 853422488977739777}
  - component: {fileID: 853422488977739779}
  - component: {fileID: 853422488977739778}
  m_Layer: 5
  m_Name: Heart_Image
  m_TagString: Untagged
  m_Icon: {fileID: 0}
  m_NavMeshLayer: 0
  m_StaticEditorFlags: 0
  m_IsActive: 1
--- !u!224 &853422488977739777
RectTransform:
  m_ObjectHideFlags: 0
  m_CorrespondingSourceObject: {fileID: 0}
  m_PrefabInstance: {fileID: 0}
  m_PrefabAsset: {fileID: 0}
  m_GameObject: {fileID: 853422488977739776}
  m_LocalRotation: {x: 0, y: 0, z: 0, w: 1}
  m_LocalPosition: {x: 0, y: 0, z: 0}
  m_LocalScale: {x: 1, y: 1, z: 1}
  m_Children: []
  m_Father: {fileID: 853422488230199593}
  m_RootOrder: 0
  m_LocalEulerAnglesHint: {x: 0, y: 0, z: 0}
  m_AnchorMin: {x: 0, y: 0}
  m_AnchorMax: {x: 0, y: 0}
  m_AnchoredPosition: {x: 54.48999, y: 116.09004}
  m_SizeDelta: {x: 28.26, y: 28.39}
  m_Pivot: {x: 0, y: 0}
--- !u!222 &853422488977739779
CanvasRenderer:
  m_ObjectHideFlags: 0
  m_CorrespondingSourceObject: {fileID: 0}
  m_PrefabInstance: {fileID: 0}
  m_PrefabAsset: {fileID: 0}
  m_GameObject: {fileID: 853422488977739776}
  m_CullTransparentMesh: 0
--- !u!114 &853422488977739778
MonoBehaviour:
  m_ObjectHideFlags: 0
  m_CorrespondingSourceObject: {fileID: 0}
  m_PrefabInstance: {fileID: 0}
  m_PrefabAsset: {fileID: 0}
  m_GameObject: {fileID: 853422488977739776}
  m_Enabled: 1
  m_EditorHideFlags: 0
  m_Script: {fileID: 11500000, guid: fe87c0e1cc204ed48ad3b37840f39efc, type: 3}
  m_Name: 
  m_EditorClassIdentifier: 
  m_Material: {fileID: 0}
  m_Color: {r: 1, g: 1, b: 1, a: 1}
  m_RaycastTarget: 1
  m_OnCullStateChanged:
    m_PersistentCalls:
      m_Calls: []
  m_Sprite: {fileID: 21300000, guid: b8a43c6b4232fd8448fe2687d5bc7359, type: 3}
  m_Type: 0
  m_PreserveAspect: 0
  m_FillCenter: 1
  m_FillMethod: 4
  m_FillAmount: 1
  m_FillClockwise: 1
  m_FillOrigin: 0
  m_UseSpriteMesh: 0
  m_PixelsPerUnitMultiplier: 1
--- !u!1001 &279859725928505143
PrefabInstance:
  m_ObjectHideFlags: 0
  serializedVersion: 2
  m_Modification:
    m_TransformParent: {fileID: 853422488230199593}
    m_Modifications:
    - target: {fileID: 6240426822592151957, guid: 799a4f77823c5a74aaeb91812691eb86,
        type: 3}
      propertyPath: m_Name
      value: waterBar
      objectReference: {fileID: 0}
    - target: {fileID: 6240426822592151958, guid: 799a4f77823c5a74aaeb91812691eb86,
        type: 3}
      propertyPath: m_LocalPosition.x
      value: 0
      objectReference: {fileID: 0}
    - target: {fileID: 6240426822592151958, guid: 799a4f77823c5a74aaeb91812691eb86,
        type: 3}
      propertyPath: m_LocalPosition.y
      value: 0
      objectReference: {fileID: 0}
    - target: {fileID: 6240426822592151958, guid: 799a4f77823c5a74aaeb91812691eb86,
        type: 3}
      propertyPath: m_LocalPosition.z
      value: 0
      objectReference: {fileID: 0}
    - target: {fileID: 6240426822592151958, guid: 799a4f77823c5a74aaeb91812691eb86,
        type: 3}
      propertyPath: m_LocalRotation.x
      value: -0
      objectReference: {fileID: 0}
    - target: {fileID: 6240426822592151958, guid: 799a4f77823c5a74aaeb91812691eb86,
        type: 3}
      propertyPath: m_LocalRotation.y
      value: -0
      objectReference: {fileID: 0}
    - target: {fileID: 6240426822592151958, guid: 799a4f77823c5a74aaeb91812691eb86,
        type: 3}
      propertyPath: m_LocalRotation.z
      value: -0
      objectReference: {fileID: 0}
    - target: {fileID: 6240426822592151958, guid: 799a4f77823c5a74aaeb91812691eb86,
        type: 3}
      propertyPath: m_LocalRotation.w
      value: 1
      objectReference: {fileID: 0}
    - target: {fileID: 6240426822592151958, guid: 799a4f77823c5a74aaeb91812691eb86,
        type: 3}
      propertyPath: m_RootOrder
      value: 4
      objectReference: {fileID: 0}
    - target: {fileID: 6240426822592151958, guid: 799a4f77823c5a74aaeb91812691eb86,
        type: 3}
      propertyPath: m_LocalEulerAnglesHint.x
      value: 0
      objectReference: {fileID: 0}
    - target: {fileID: 6240426822592151958, guid: 799a4f77823c5a74aaeb91812691eb86,
        type: 3}
      propertyPath: m_LocalEulerAnglesHint.y
      value: 0
      objectReference: {fileID: 0}
    - target: {fileID: 6240426822592151958, guid: 799a4f77823c5a74aaeb91812691eb86,
        type: 3}
      propertyPath: m_LocalEulerAnglesHint.z
      value: 0
      objectReference: {fileID: 0}
    - target: {fileID: 6240426822592151958, guid: 799a4f77823c5a74aaeb91812691eb86,
        type: 3}
      propertyPath: m_AnchoredPosition.x
      value: -349.8
      objectReference: {fileID: 0}
    - target: {fileID: 6240426822592151958, guid: 799a4f77823c5a74aaeb91812691eb86,
        type: 3}
      propertyPath: m_AnchoredPosition.y
      value: -228
      objectReference: {fileID: 0}
    - target: {fileID: 6240426822592151958, guid: 799a4f77823c5a74aaeb91812691eb86,
        type: 3}
      propertyPath: m_SizeDelta.x
      value: 44.63
      objectReference: {fileID: 0}
    - target: {fileID: 6240426822592151958, guid: 799a4f77823c5a74aaeb91812691eb86,
        type: 3}
      propertyPath: m_SizeDelta.y
      value: 35.56
      objectReference: {fileID: 0}
    - target: {fileID: 6240426822592151958, guid: 799a4f77823c5a74aaeb91812691eb86,
        type: 3}
      propertyPath: m_AnchorMin.x
      value: 0.5
      objectReference: {fileID: 0}
    - target: {fileID: 6240426822592151958, guid: 799a4f77823c5a74aaeb91812691eb86,
        type: 3}
      propertyPath: m_AnchorMin.y
      value: 0.5
      objectReference: {fileID: 0}
    - target: {fileID: 6240426822592151958, guid: 799a4f77823c5a74aaeb91812691eb86,
        type: 3}
      propertyPath: m_AnchorMax.x
      value: 0.5
      objectReference: {fileID: 0}
    - target: {fileID: 6240426822592151958, guid: 799a4f77823c5a74aaeb91812691eb86,
        type: 3}
      propertyPath: m_AnchorMax.y
      value: 0.5
      objectReference: {fileID: 0}
    - target: {fileID: 6240426822592151958, guid: 799a4f77823c5a74aaeb91812691eb86,
        type: 3}
      propertyPath: m_Pivot.x
      value: 0.5
      objectReference: {fileID: 0}
    - target: {fileID: 6240426822592151958, guid: 799a4f77823c5a74aaeb91812691eb86,
        type: 3}
      propertyPath: m_Pivot.y
      value: 0.5
      objectReference: {fileID: 0}
    m_RemovedComponents: []
  m_SourcePrefab: {fileID: 100100000, guid: 799a4f77823c5a74aaeb91812691eb86, type: 3}
--- !u!224 &6158727267796442785 stripped
RectTransform:
  m_CorrespondingSourceObject: {fileID: 6240426822592151958, guid: 799a4f77823c5a74aaeb91812691eb86,
    type: 3}
  m_PrefabInstance: {fileID: 279859725928505143}
  m_PrefabAsset: {fileID: 0}
--- !u!1001 &834481451376325662
PrefabInstance:
  m_ObjectHideFlags: 0
  serializedVersion: 2
  m_Modification:
    m_TransformParent: {fileID: 853422488230199593}
    m_Modifications:
    - target: {fileID: 7985384224620727823, guid: b7b44c5b2ec66134ca7b5dd9a6e3fdf4,
        type: 3}
      propertyPath: m_Name
      value: sugarBar
      objectReference: {fileID: 0}
    - target: {fileID: 7985384224620727820, guid: b7b44c5b2ec66134ca7b5dd9a6e3fdf4,
        type: 3}
      propertyPath: m_LocalPosition.x
      value: 0
      objectReference: {fileID: 0}
    - target: {fileID: 7985384224620727820, guid: b7b44c5b2ec66134ca7b5dd9a6e3fdf4,
        type: 3}
      propertyPath: m_LocalPosition.y
      value: 0
      objectReference: {fileID: 0}
    - target: {fileID: 7985384224620727820, guid: b7b44c5b2ec66134ca7b5dd9a6e3fdf4,
        type: 3}
      propertyPath: m_LocalPosition.z
      value: 0
      objectReference: {fileID: 0}
    - target: {fileID: 7985384224620727820, guid: b7b44c5b2ec66134ca7b5dd9a6e3fdf4,
        type: 3}
      propertyPath: m_LocalRotation.x
      value: -0
      objectReference: {fileID: 0}
    - target: {fileID: 7985384224620727820, guid: b7b44c5b2ec66134ca7b5dd9a6e3fdf4,
        type: 3}
      propertyPath: m_LocalRotation.y
      value: -0
      objectReference: {fileID: 0}
    - target: {fileID: 7985384224620727820, guid: b7b44c5b2ec66134ca7b5dd9a6e3fdf4,
        type: 3}
      propertyPath: m_LocalRotation.z
      value: -0
      objectReference: {fileID: 0}
    - target: {fileID: 7985384224620727820, guid: b7b44c5b2ec66134ca7b5dd9a6e3fdf4,
        type: 3}
      propertyPath: m_LocalRotation.w
      value: 1
      objectReference: {fileID: 0}
    - target: {fileID: 7985384224620727820, guid: b7b44c5b2ec66134ca7b5dd9a6e3fdf4,
        type: 3}
      propertyPath: m_RootOrder
      value: 5
      objectReference: {fileID: 0}
    - target: {fileID: 7985384224620727820, guid: b7b44c5b2ec66134ca7b5dd9a6e3fdf4,
        type: 3}
      propertyPath: m_LocalEulerAnglesHint.x
      value: 0
      objectReference: {fileID: 0}
    - target: {fileID: 7985384224620727820, guid: b7b44c5b2ec66134ca7b5dd9a6e3fdf4,
        type: 3}
      propertyPath: m_LocalEulerAnglesHint.y
      value: 0
      objectReference: {fileID: 0}
    - target: {fileID: 7985384224620727820, guid: b7b44c5b2ec66134ca7b5dd9a6e3fdf4,
        type: 3}
      propertyPath: m_LocalEulerAnglesHint.z
      value: 0
      objectReference: {fileID: 0}
    - target: {fileID: 7985384224620727820, guid: b7b44c5b2ec66134ca7b5dd9a6e3fdf4,
        type: 3}
      propertyPath: m_AnchoredPosition.x
      value: -349.8
      objectReference: {fileID: 0}
    - target: {fileID: 7985384224620727820, guid: b7b44c5b2ec66134ca7b5dd9a6e3fdf4,
        type: 3}
      propertyPath: m_AnchoredPosition.y
      value: -293.83002
      objectReference: {fileID: 0}
    - target: {fileID: 7985384224620727820, guid: b7b44c5b2ec66134ca7b5dd9a6e3fdf4,
        type: 3}
      propertyPath: m_SizeDelta.x
      value: 44.63
      objectReference: {fileID: 0}
    - target: {fileID: 7985384224620727820, guid: b7b44c5b2ec66134ca7b5dd9a6e3fdf4,
        type: 3}
      propertyPath: m_SizeDelta.y
      value: 35.56
      objectReference: {fileID: 0}
    - target: {fileID: 7985384224620727820, guid: b7b44c5b2ec66134ca7b5dd9a6e3fdf4,
        type: 3}
      propertyPath: m_AnchorMin.x
      value: 0.5
      objectReference: {fileID: 0}
    - target: {fileID: 7985384224620727820, guid: b7b44c5b2ec66134ca7b5dd9a6e3fdf4,
        type: 3}
      propertyPath: m_AnchorMin.y
      value: 0.5
      objectReference: {fileID: 0}
    - target: {fileID: 7985384224620727820, guid: b7b44c5b2ec66134ca7b5dd9a6e3fdf4,
        type: 3}
      propertyPath: m_AnchorMax.x
      value: 0.5
      objectReference: {fileID: 0}
    - target: {fileID: 7985384224620727820, guid: b7b44c5b2ec66134ca7b5dd9a6e3fdf4,
        type: 3}
      propertyPath: m_AnchorMax.y
      value: 0.5
      objectReference: {fileID: 0}
    - target: {fileID: 7985384224620727820, guid: b7b44c5b2ec66134ca7b5dd9a6e3fdf4,
        type: 3}
      propertyPath: m_Pivot.x
      value: 0.5
      objectReference: {fileID: 0}
    - target: {fileID: 7985384224620727820, guid: b7b44c5b2ec66134ca7b5dd9a6e3fdf4,
        type: 3}
      propertyPath: m_Pivot.y
      value: 0.5
      objectReference: {fileID: 0}
    m_RemovedComponents: []
  m_SourcePrefab: {fileID: 100100000, guid: b7b44c5b2ec66134ca7b5dd9a6e3fdf4, type: 3}
--- !u!224 &7297349622844291602 stripped
RectTransform:
  m_CorrespondingSourceObject: {fileID: 7985384224620727820, guid: b7b44c5b2ec66134ca7b5dd9a6e3fdf4,
    type: 3}
  m_PrefabInstance: {fileID: 834481451376325662}
  m_PrefabAsset: {fileID: 0}
--- !u!1001 &1236140329049327755
PrefabInstance:
  m_ObjectHideFlags: 0
  serializedVersion: 2
  m_Modification:
    m_TransformParent: {fileID: 853422488230199593}
    m_Modifications:
    - target: {fileID: 8848772261072342283, guid: c3d7a92d7d0528546bc2bce73737dd44,
        type: 3}
      propertyPath: m_Name
      value: scoreNumber
      objectReference: {fileID: 0}
    - target: {fileID: 8848772261072342282, guid: c3d7a92d7d0528546bc2bce73737dd44,
        type: 3}
      propertyPath: m_LocalPosition.x
      value: 0
      objectReference: {fileID: 0}
    - target: {fileID: 8848772261072342282, guid: c3d7a92d7d0528546bc2bce73737dd44,
        type: 3}
      propertyPath: m_LocalPosition.y
      value: 0
      objectReference: {fileID: 0}
    - target: {fileID: 8848772261072342282, guid: c3d7a92d7d0528546bc2bce73737dd44,
        type: 3}
      propertyPath: m_LocalPosition.z
      value: 0
      objectReference: {fileID: 0}
    - target: {fileID: 8848772261072342282, guid: c3d7a92d7d0528546bc2bce73737dd44,
        type: 3}
      propertyPath: m_LocalRotation.x
      value: 0
      objectReference: {fileID: 0}
    - target: {fileID: 8848772261072342282, guid: c3d7a92d7d0528546bc2bce73737dd44,
        type: 3}
      propertyPath: m_LocalRotation.y
      value: 0
      objectReference: {fileID: 0}
    - target: {fileID: 8848772261072342282, guid: c3d7a92d7d0528546bc2bce73737dd44,
        type: 3}
      propertyPath: m_LocalRotation.z
      value: 0
      objectReference: {fileID: 0}
    - target: {fileID: 8848772261072342282, guid: c3d7a92d7d0528546bc2bce73737dd44,
        type: 3}
      propertyPath: m_LocalRotation.w
      value: 1
      objectReference: {fileID: 0}
    - target: {fileID: 8848772261072342282, guid: c3d7a92d7d0528546bc2bce73737dd44,
        type: 3}
      propertyPath: m_RootOrder
      value: 9
      objectReference: {fileID: 0}
    - target: {fileID: 8848772261072342282, guid: c3d7a92d7d0528546bc2bce73737dd44,
        type: 3}
      propertyPath: m_LocalEulerAnglesHint.x
      value: 0
      objectReference: {fileID: 0}
    - target: {fileID: 8848772261072342282, guid: c3d7a92d7d0528546bc2bce73737dd44,
        type: 3}
      propertyPath: m_LocalEulerAnglesHint.y
      value: 0
      objectReference: {fileID: 0}
    - target: {fileID: 8848772261072342282, guid: c3d7a92d7d0528546bc2bce73737dd44,
        type: 3}
      propertyPath: m_LocalEulerAnglesHint.z
      value: 0
      objectReference: {fileID: 0}
    - target: {fileID: 8848772261072342282, guid: c3d7a92d7d0528546bc2bce73737dd44,
        type: 3}
      propertyPath: m_AnchoredPosition.x
      value: 419
      objectReference: {fileID: 0}
    - target: {fileID: 8848772261072342282, guid: c3d7a92d7d0528546bc2bce73737dd44,
        type: 3}
      propertyPath: m_AnchoredPosition.y
      value: 233
      objectReference: {fileID: 0}
    - target: {fileID: 8848772261072342282, guid: c3d7a92d7d0528546bc2bce73737dd44,
        type: 3}
      propertyPath: m_SizeDelta.x
      value: 100
      objectReference: {fileID: 0}
    - target: {fileID: 8848772261072342282, guid: c3d7a92d7d0528546bc2bce73737dd44,
        type: 3}
      propertyPath: m_SizeDelta.y
      value: 30
      objectReference: {fileID: 0}
    - target: {fileID: 8848772261072342282, guid: c3d7a92d7d0528546bc2bce73737dd44,
        type: 3}
      propertyPath: m_AnchorMin.x
      value: 0.5
      objectReference: {fileID: 0}
    - target: {fileID: 8848772261072342282, guid: c3d7a92d7d0528546bc2bce73737dd44,
        type: 3}
      propertyPath: m_AnchorMin.y
      value: 0.5
      objectReference: {fileID: 0}
    - target: {fileID: 8848772261072342282, guid: c3d7a92d7d0528546bc2bce73737dd44,
        type: 3}
      propertyPath: m_AnchorMax.x
      value: 0.5
      objectReference: {fileID: 0}
    - target: {fileID: 8848772261072342282, guid: c3d7a92d7d0528546bc2bce73737dd44,
        type: 3}
      propertyPath: m_AnchorMax.y
      value: 0.5
      objectReference: {fileID: 0}
    - target: {fileID: 8848772261072342282, guid: c3d7a92d7d0528546bc2bce73737dd44,
        type: 3}
      propertyPath: m_Pivot.x
      value: 0.5
      objectReference: {fileID: 0}
    - target: {fileID: 8848772261072342282, guid: c3d7a92d7d0528546bc2bce73737dd44,
        type: 3}
      propertyPath: m_Pivot.y
      value: 0.5
      objectReference: {fileID: 0}
    m_RemovedComponents: []
  m_SourcePrefab: {fileID: 100100000, guid: c3d7a92d7d0528546bc2bce73737dd44, type: 3}
--- !u!224 &7776168896713262465 stripped
RectTransform:
  m_CorrespondingSourceObject: {fileID: 8848772261072342282, guid: c3d7a92d7d0528546bc2bce73737dd44,
    type: 3}
  m_PrefabInstance: {fileID: 1236140329049327755}
  m_PrefabAsset: {fileID: 0}
--- !u!1001 &1261644628325815792
PrefabInstance:
  m_ObjectHideFlags: 0
  serializedVersion: 2
  m_Modification:
    m_TransformParent: {fileID: 853422488230199593}
    m_Modifications:
    - target: {fileID: 8667667417574924121, guid: 6f4e8490d0f6feb4da99851de76a73e7,
        type: 3}
      propertyPath: m_Name
      value: foodBar
      objectReference: {fileID: 0}
    - target: {fileID: 8667667417574924134, guid: 6f4e8490d0f6feb4da99851de76a73e7,
        type: 3}
      propertyPath: m_LocalPosition.x
      value: 0
      objectReference: {fileID: 0}
    - target: {fileID: 8667667417574924134, guid: 6f4e8490d0f6feb4da99851de76a73e7,
        type: 3}
      propertyPath: m_LocalPosition.y
      value: 0
      objectReference: {fileID: 0}
    - target: {fileID: 8667667417574924134, guid: 6f4e8490d0f6feb4da99851de76a73e7,
        type: 3}
      propertyPath: m_LocalPosition.z
      value: 0
      objectReference: {fileID: 0}
    - target: {fileID: 8667667417574924134, guid: 6f4e8490d0f6feb4da99851de76a73e7,
        type: 3}
      propertyPath: m_LocalRotation.x
      value: -0
      objectReference: {fileID: 0}
    - target: {fileID: 8667667417574924134, guid: 6f4e8490d0f6feb4da99851de76a73e7,
        type: 3}
      propertyPath: m_LocalRotation.y
      value: -0
      objectReference: {fileID: 0}
    - target: {fileID: 8667667417574924134, guid: 6f4e8490d0f6feb4da99851de76a73e7,
        type: 3}
      propertyPath: m_LocalRotation.z
      value: -0
      objectReference: {fileID: 0}
    - target: {fileID: 8667667417574924134, guid: 6f4e8490d0f6feb4da99851de76a73e7,
        type: 3}
      propertyPath: m_LocalRotation.w
      value: 1
      objectReference: {fileID: 0}
    - target: {fileID: 8667667417574924134, guid: 6f4e8490d0f6feb4da99851de76a73e7,
        type: 3}
      propertyPath: m_RootOrder
      value: 6
      objectReference: {fileID: 0}
    - target: {fileID: 8667667417574924134, guid: 6f4e8490d0f6feb4da99851de76a73e7,
        type: 3}
      propertyPath: m_LocalEulerAnglesHint.x
      value: 0
      objectReference: {fileID: 0}
    - target: {fileID: 8667667417574924134, guid: 6f4e8490d0f6feb4da99851de76a73e7,
        type: 3}
      propertyPath: m_LocalEulerAnglesHint.y
      value: 0
      objectReference: {fileID: 0}
    - target: {fileID: 8667667417574924134, guid: 6f4e8490d0f6feb4da99851de76a73e7,
        type: 3}
      propertyPath: m_LocalEulerAnglesHint.z
      value: 0
      objectReference: {fileID: 0}
    - target: {fileID: 8667667417574924134, guid: 6f4e8490d0f6feb4da99851de76a73e7,
        type: 3}
      propertyPath: m_AnchoredPosition.x
      value: -349.8
      objectReference: {fileID: 0}
    - target: {fileID: 8667667417574924134, guid: 6f4e8490d0f6feb4da99851de76a73e7,
        type: 3}
      propertyPath: m_AnchoredPosition.y
      value: -260.91998
      objectReference: {fileID: 0}
    - target: {fileID: 8667667417574924134, guid: 6f4e8490d0f6feb4da99851de76a73e7,
        type: 3}
      propertyPath: m_SizeDelta.x
      value: 44.63
      objectReference: {fileID: 0}
    - target: {fileID: 8667667417574924134, guid: 6f4e8490d0f6feb4da99851de76a73e7,
        type: 3}
      propertyPath: m_SizeDelta.y
      value: 30.27
      objectReference: {fileID: 0}
    - target: {fileID: 8667667417574924134, guid: 6f4e8490d0f6feb4da99851de76a73e7,
        type: 3}
      propertyPath: m_AnchorMin.x
      value: 0.5
      objectReference: {fileID: 0}
    - target: {fileID: 8667667417574924134, guid: 6f4e8490d0f6feb4da99851de76a73e7,
        type: 3}
      propertyPath: m_AnchorMin.y
      value: 0.5
      objectReference: {fileID: 0}
    - target: {fileID: 8667667417574924134, guid: 6f4e8490d0f6feb4da99851de76a73e7,
        type: 3}
      propertyPath: m_AnchorMax.x
      value: 0.5
      objectReference: {fileID: 0}
    - target: {fileID: 8667667417574924134, guid: 6f4e8490d0f6feb4da99851de76a73e7,
        type: 3}
      propertyPath: m_AnchorMax.y
      value: 0.5
      objectReference: {fileID: 0}
    - target: {fileID: 8667667417574924134, guid: 6f4e8490d0f6feb4da99851de76a73e7,
        type: 3}
      propertyPath: m_Pivot.x
      value: 0.5
      objectReference: {fileID: 0}
    - target: {fileID: 8667667417574924134, guid: 6f4e8490d0f6feb4da99851de76a73e7,
        type: 3}
      propertyPath: m_Pivot.y
      value: 0.5
      objectReference: {fileID: 0}
    - target: {fileID: 8667667417574924120, guid: 6f4e8490d0f6feb4da99851de76a73e7,
        type: 3}
      propertyPath: m_Text
      value: 100
      objectReference: {fileID: 0}
    m_RemovedComponents: []
  m_SourcePrefab: {fileID: 100100000, guid: 6f4e8490d0f6feb4da99851de76a73e7, type: 3}
--- !u!224 &7623466676602014358 stripped
RectTransform:
  m_CorrespondingSourceObject: {fileID: 8667667417574924134, guid: 6f4e8490d0f6feb4da99851de76a73e7,
    type: 3}
  m_PrefabInstance: {fileID: 1261644628325815792}
  m_PrefabAsset: {fileID: 0}
--- !u!1001 &7400485854219998512
PrefabInstance:
  m_ObjectHideFlags: 0
  serializedVersion: 2
  m_Modification:
    m_TransformParent: {fileID: 853422488230199593}
    m_Modifications:
    - target: {fileID: 8667667417574924121, guid: 6f4e8490d0f6feb4da99851de76a73e7,
        type: 3}
      propertyPath: m_Name
      value: HEalthBar
      objectReference: {fileID: 0}
    - target: {fileID: 8667667417574924134, guid: 6f4e8490d0f6feb4da99851de76a73e7,
        type: 3}
      propertyPath: m_LocalPosition.x
      value: 0
      objectReference: {fileID: 0}
    - target: {fileID: 8667667417574924134, guid: 6f4e8490d0f6feb4da99851de76a73e7,
        type: 3}
      propertyPath: m_LocalPosition.y
      value: 0
      objectReference: {fileID: 0}
    - target: {fileID: 8667667417574924134, guid: 6f4e8490d0f6feb4da99851de76a73e7,
        type: 3}
      propertyPath: m_LocalPosition.z
      value: 0
      objectReference: {fileID: 0}
    - target: {fileID: 8667667417574924134, guid: 6f4e8490d0f6feb4da99851de76a73e7,
        type: 3}
      propertyPath: m_LocalRotation.x
      value: -0
      objectReference: {fileID: 0}
    - target: {fileID: 8667667417574924134, guid: 6f4e8490d0f6feb4da99851de76a73e7,
        type: 3}
      propertyPath: m_LocalRotation.y
      value: -0
      objectReference: {fileID: 0}
    - target: {fileID: 8667667417574924134, guid: 6f4e8490d0f6feb4da99851de76a73e7,
        type: 3}
      propertyPath: m_LocalRotation.z
      value: -0
      objectReference: {fileID: 0}
    - target: {fileID: 8667667417574924134, guid: 6f4e8490d0f6feb4da99851de76a73e7,
        type: 3}
      propertyPath: m_LocalRotation.w
      value: 1
      objectReference: {fileID: 0}
    - target: {fileID: 8667667417574924134, guid: 6f4e8490d0f6feb4da99851de76a73e7,
        type: 3}
      propertyPath: m_RootOrder
      value: 7
      objectReference: {fileID: 0}
    - target: {fileID: 8667667417574924134, guid: 6f4e8490d0f6feb4da99851de76a73e7,
        type: 3}
      propertyPath: m_LocalEulerAnglesHint.x
      value: 0
      objectReference: {fileID: 0}
    - target: {fileID: 8667667417574924134, guid: 6f4e8490d0f6feb4da99851de76a73e7,
        type: 3}
      propertyPath: m_LocalEulerAnglesHint.y
      value: 0
      objectReference: {fileID: 0}
    - target: {fileID: 8667667417574924134, guid: 6f4e8490d0f6feb4da99851de76a73e7,
        type: 3}
      propertyPath: m_LocalEulerAnglesHint.z
      value: 0
      objectReference: {fileID: 0}
    - target: {fileID: 8667667417574924134, guid: 6f4e8490d0f6feb4da99851de76a73e7,
        type: 3}
      propertyPath: m_AnchoredPosition.x
      value: -349.8
      objectReference: {fileID: 0}
    - target: {fileID: 8667667417574924134, guid: 6f4e8490d0f6feb4da99851de76a73e7,
        type: 3}
      propertyPath: m_AnchoredPosition.y
      value: -192.45001
      objectReference: {fileID: 0}
    - target: {fileID: 8667667417574924134, guid: 6f4e8490d0f6feb4da99851de76a73e7,
        type: 3}
      propertyPath: m_SizeDelta.x
      value: 44.63
      objectReference: {fileID: 0}
    - target: {fileID: 8667667417574924134, guid: 6f4e8490d0f6feb4da99851de76a73e7,
        type: 3}
      propertyPath: m_SizeDelta.y
      value: 35.56
      objectReference: {fileID: 0}
    - target: {fileID: 8667667417574924134, guid: 6f4e8490d0f6feb4da99851de76a73e7,
        type: 3}
      propertyPath: m_AnchorMin.x
      value: 0.5
      objectReference: {fileID: 0}
    - target: {fileID: 8667667417574924134, guid: 6f4e8490d0f6feb4da99851de76a73e7,
        type: 3}
      propertyPath: m_AnchorMin.y
      value: 0.5
      objectReference: {fileID: 0}
    - target: {fileID: 8667667417574924134, guid: 6f4e8490d0f6feb4da99851de76a73e7,
        type: 3}
      propertyPath: m_AnchorMax.x
      value: 0.5
      objectReference: {fileID: 0}
    - target: {fileID: 8667667417574924134, guid: 6f4e8490d0f6feb4da99851de76a73e7,
        type: 3}
      propertyPath: m_AnchorMax.y
      value: 0.5
      objectReference: {fileID: 0}
    - target: {fileID: 8667667417574924134, guid: 6f4e8490d0f6feb4da99851de76a73e7,
        type: 3}
      propertyPath: m_Pivot.x
      value: 0.5
      objectReference: {fileID: 0}
    - target: {fileID: 8667667417574924134, guid: 6f4e8490d0f6feb4da99851de76a73e7,
        type: 3}
      propertyPath: m_Pivot.y
      value: 0.5
      objectReference: {fileID: 0}
    - target: {fileID: 8667667417574924120, guid: 6f4e8490d0f6feb4da99851de76a73e7,
        type: 3}
      propertyPath: m_Text
      value: 100
      objectReference: {fileID: 0}
    m_RemovedComponents: []
  m_SourcePrefab: {fileID: 100100000, guid: 6f4e8490d0f6feb4da99851de76a73e7, type: 3}
--- !u!224 &2232223262653401686 stripped
RectTransform:
  m_CorrespondingSourceObject: {fileID: 8667667417574924134, guid: 6f4e8490d0f6feb4da99851de76a73e7,
    type: 3}
  m_PrefabInstance: {fileID: 7400485854219998512}
  m_PrefabAsset: {fileID: 0}
--- !u!1001 &7673257369392128851
PrefabInstance:
  m_ObjectHideFlags: 0
  serializedVersion: 2
  m_Modification:
    m_TransformParent: {fileID: 853422488230199593}
    m_Modifications:
    - target: {fileID: 1330005443218570281, guid: 9220c289394ab62478934c525254e227,
        type: 3}
      propertyPath: m_Name
      value: scoreName
      objectReference: {fileID: 0}
    - target: {fileID: 1330005443218570280, guid: 9220c289394ab62478934c525254e227,
        type: 3}
      propertyPath: m_LocalPosition.x
      value: 0
      objectReference: {fileID: 0}
    - target: {fileID: 1330005443218570280, guid: 9220c289394ab62478934c525254e227,
        type: 3}
      propertyPath: m_LocalPosition.y
      value: 0
      objectReference: {fileID: 0}
    - target: {fileID: 1330005443218570280, guid: 9220c289394ab62478934c525254e227,
        type: 3}
      propertyPath: m_LocalPosition.z
      value: 0
      objectReference: {fileID: 0}
    - target: {fileID: 1330005443218570280, guid: 9220c289394ab62478934c525254e227,
        type: 3}
      propertyPath: m_LocalRotation.x
      value: -0
      objectReference: {fileID: 0}
    - target: {fileID: 1330005443218570280, guid: 9220c289394ab62478934c525254e227,
        type: 3}
      propertyPath: m_LocalRotation.y
      value: -0
      objectReference: {fileID: 0}
    - target: {fileID: 1330005443218570280, guid: 9220c289394ab62478934c525254e227,
        type: 3}
      propertyPath: m_LocalRotation.z
      value: -0
      objectReference: {fileID: 0}
    - target: {fileID: 1330005443218570280, guid: 9220c289394ab62478934c525254e227,
        type: 3}
      propertyPath: m_LocalRotation.w
      value: 1
      objectReference: {fileID: 0}
    - target: {fileID: 1330005443218570280, guid: 9220c289394ab62478934c525254e227,
        type: 3}
      propertyPath: m_RootOrder
      value: 8
      objectReference: {fileID: 0}
    - target: {fileID: 1330005443218570280, guid: 9220c289394ab62478934c525254e227,
        type: 3}
      propertyPath: m_LocalEulerAnglesHint.x
      value: 0
      objectReference: {fileID: 0}
    - target: {fileID: 1330005443218570280, guid: 9220c289394ab62478934c525254e227,
        type: 3}
      propertyPath: m_LocalEulerAnglesHint.y
      value: 0
      objectReference: {fileID: 0}
    - target: {fileID: 1330005443218570280, guid: 9220c289394ab62478934c525254e227,
        type: 3}
      propertyPath: m_LocalEulerAnglesHint.z
      value: 0
      objectReference: {fileID: 0}
    - target: {fileID: 1330005443218570280, guid: 9220c289394ab62478934c525254e227,
        type: 3}
      propertyPath: m_AnchoredPosition.x
      value: 376
      objectReference: {fileID: 0}
    - target: {fileID: 1330005443218570280, guid: 9220c289394ab62478934c525254e227,
        type: 3}
      propertyPath: m_AnchoredPosition.y
      value: 232
      objectReference: {fileID: 0}
    - target: {fileID: 1330005443218570280, guid: 9220c289394ab62478934c525254e227,
        type: 3}
      propertyPath: m_SizeDelta.x
      value: 160
      objectReference: {fileID: 0}
    - target: {fileID: 1330005443218570280, guid: 9220c289394ab62478934c525254e227,
        type: 3}
      propertyPath: m_SizeDelta.y
      value: 30
      objectReference: {fileID: 0}
    - target: {fileID: 1330005443218570280, guid: 9220c289394ab62478934c525254e227,
        type: 3}
      propertyPath: m_AnchorMin.x
      value: 0.5
      objectReference: {fileID: 0}
    - target: {fileID: 1330005443218570280, guid: 9220c289394ab62478934c525254e227,
        type: 3}
      propertyPath: m_AnchorMin.y
      value: 0.5
      objectReference: {fileID: 0}
    - target: {fileID: 1330005443218570280, guid: 9220c289394ab62478934c525254e227,
        type: 3}
      propertyPath: m_AnchorMax.x
      value: 0.5
      objectReference: {fileID: 0}
    - target: {fileID: 1330005443218570280, guid: 9220c289394ab62478934c525254e227,
        type: 3}
      propertyPath: m_AnchorMax.y
      value: 0.5
      objectReference: {fileID: 0}
    - target: {fileID: 1330005443218570280, guid: 9220c289394ab62478934c525254e227,
        type: 3}
      propertyPath: m_Pivot.x
      value: 0.5
      objectReference: {fileID: 0}
    - target: {fileID: 1330005443218570280, guid: 9220c289394ab62478934c525254e227,
        type: 3}
      propertyPath: m_Pivot.y
      value: 0.5
      objectReference: {fileID: 0}
    m_RemovedComponents: []
  m_SourcePrefab: {fileID: 100100000, guid: 9220c289394ab62478934c525254e227, type: 3}
--- !u!224 &8649657913262268283 stripped
RectTransform:
  m_CorrespondingSourceObject: {fileID: 1330005443218570280, guid: 9220c289394ab62478934c525254e227,
    type: 3}
  m_PrefabInstance: {fileID: 7673257369392128851}
  m_PrefabAsset: {fileID: 0}
