%YAML 1.1
%TAG !u! tag:unity3d.com,2011:
--- !u!1 &7046137238920853282
GameObject:
  m_ObjectHideFlags: 0
  m_CorrespondingSourceObject: {fileID: 0}
  m_PrefabInstance: {fileID: 0}
  m_PrefabAsset: {fileID: 0}
  serializedVersion: 6
  m_Component:
  - component: {fileID: 6310582822739477809}
  - component: {fileID: 3082915273236201223}
  - component: {fileID: 8787717424353199102}
  - component: {fileID: 6238027770571075304}
  - component: {fileID: 8023315769449316845}
  - component: {fileID: 2561236349196475420}
  - component: {fileID: 5259159988612516508}
  - component: {fileID: 291948264687189576}
  m_Layer: 0
  m_Name: Room_Right_B
  m_TagString: Room
  m_Icon: {fileID: 0}
  m_NavMeshLayer: 0
  m_StaticEditorFlags: 0
  m_IsActive: 1
--- !u!4 &6310582822739477809
Transform:
  m_ObjectHideFlags: 0
  m_CorrespondingSourceObject: {fileID: 0}
  m_PrefabInstance: {fileID: 0}
  m_PrefabAsset: {fileID: 0}
  m_GameObject: {fileID: 7046137238920853282}
  m_LocalRotation: {x: 0, y: -0, z: -0, w: 1}
  m_LocalPosition: {x: -0, y: 0, z: 0}
  m_LocalScale: {x: 1, y: 1, z: 1}
  m_Children:
  - {fileID: 5979891368894518965}
  - {fileID: 8980537184387619761}
  m_Father: {fileID: 0}
  m_RootOrder: 0
  m_LocalEulerAnglesHint: {x: 0, y: 0, z: 0}
--- !u!33 &3082915273236201223
MeshFilter:
  m_ObjectHideFlags: 0
  m_CorrespondingSourceObject: {fileID: 0}
  m_PrefabInstance: {fileID: 0}
  m_PrefabAsset: {fileID: 0}
  m_GameObject: {fileID: 7046137238920853282}
  m_Mesh: {fileID: 5551418225153903260, guid: d210ad928f23f904198a3a25e4bb89ba, type: 3}
--- !u!23 &8787717424353199102
MeshRenderer:
  m_ObjectHideFlags: 0
  m_CorrespondingSourceObject: {fileID: 0}
  m_PrefabInstance: {fileID: 0}
  m_PrefabAsset: {fileID: 0}
  m_GameObject: {fileID: 7046137238920853282}
  m_Enabled: 1
  m_CastShadows: 1
  m_ReceiveShadows: 1
  m_DynamicOccludee: 1
  m_MotionVectors: 1
  m_LightProbeUsage: 1
  m_ReflectionProbeUsage: 1
  m_RenderingLayerMask: 1
  m_RendererPriority: 0
  m_Materials:
  - {fileID: 2100000, guid: 51d6a3d4722716641ab077b671b55ec9, type: 2}
  - {fileID: 2100000, guid: 3559eb67948945744bfa7807bbd745ec, type: 2}
  m_StaticBatchInfo:
    firstSubMesh: 0
    subMeshCount: 0
  m_StaticBatchRoot: {fileID: 0}
  m_ProbeAnchor: {fileID: 0}
  m_LightProbeVolumeOverride: {fileID: 0}
  m_ScaleInLightmap: 1
  m_ReceiveGI: 1
  m_PreserveUVs: 0
  m_IgnoreNormalsForChartDetection: 0
  m_ImportantGI: 0
  m_StitchLightmapSeams: 1
  m_SelectedEditorRenderState: 3
  m_MinimumChartSize: 4
  m_AutoUVMaxDistance: 0.5
  m_AutoUVMaxAngle: 89
  m_LightmapParameters: {fileID: 0}
  m_SortingLayerID: 0
  m_SortingLayer: 0
  m_SortingOrder: 0
--- !u!65 &6238027770571075304
BoxCollider:
  m_ObjectHideFlags: 0
  m_CorrespondingSourceObject: {fileID: 0}
  m_PrefabInstance: {fileID: 0}
  m_PrefabAsset: {fileID: 0}
  m_GameObject: {fileID: 7046137238920853282}
  m_Material: {fileID: 0}
  m_IsTrigger: 0
  m_Enabled: 1
  serializedVersion: 2
  m_Size: {x: 20, y: 2.63, z: 2}
  m_Center: {x: 0, y: 1.1949999, z: 6}
--- !u!65 &8023315769449316845
BoxCollider:
  m_ObjectHideFlags: 0
  m_CorrespondingSourceObject: {fileID: 0}
  m_PrefabInstance: {fileID: 0}
  m_PrefabAsset: {fileID: 0}
  m_GameObject: {fileID: 7046137238920853282}
  m_Material: {fileID: 0}
  m_IsTrigger: 0
  m_Enabled: 1
  serializedVersion: 2
  m_Size: {x: 20, y: 2.63, z: 2}
  m_Center: {x: 0, y: 1.1949999, z: -6}
--- !u!65 &2561236349196475420
BoxCollider:
  m_ObjectHideFlags: 0
  m_CorrespondingSourceObject: {fileID: 0}
  m_PrefabInstance: {fileID: 0}
  m_PrefabAsset: {fileID: 0}
  m_GameObject: {fileID: 7046137238920853282}
  m_Material: {fileID: 0}
  m_IsTrigger: 0
  m_Enabled: 1
  serializedVersion: 2
  m_Size: {x: 2, y: 2.63, z: 14}
  m_Center: {x: 9, y: 1.1949999, z: 0}
--- !u!65 &5259159988612516508
BoxCollider:
  m_ObjectHideFlags: 0
  m_CorrespondingSourceObject: {fileID: 0}
  m_PrefabInstance: {fileID: 0}
  m_PrefabAsset: {fileID: 0}
  m_GameObject: {fileID: 7046137238920853282}
  m_Material: {fileID: 0}
  m_IsTrigger: 0
  m_Enabled: 1
  serializedVersion: 2
  m_Size: {x: 2, y: 2.63, z: 14}
  m_Center: {x: -9, y: 1.1949999, z: 0}
--- !u!65 &291948264687189576
BoxCollider:
  m_ObjectHideFlags: 0
  m_CorrespondingSourceObject: {fileID: 0}
  m_PrefabInstance: {fileID: 0}
  m_PrefabAsset: {fileID: 0}
  m_GameObject: {fileID: 7046137238920853282}
  m_Material: {fileID: 0}
  m_IsTrigger: 0
  m_Enabled: 1
  serializedVersion: 2
  m_Size: {x: 20, y: 0.13000003, z: 14}
  m_Center: {x: 0, y: -0.055000115, z: 0}
--- !u!1001 &3397628800173673118
PrefabInstance:
  m_ObjectHideFlags: 0
  serializedVersion: 2
  m_Modification:
    m_TransformParent: {fileID: 6310582822739477809}
    m_Modifications:
    - target: {fileID: 5440703736815693368, guid: 422fac4a116eb7a4baf3b7ebb6be7e6e,
        type: 3}
      propertyPath: m_Name
      value: Prefab_Exit_Door
      objectReference: {fileID: 0}
    - target: {fileID: 9068590349418290219, guid: 422fac4a116eb7a4baf3b7ebb6be7e6e,
        type: 3}
      propertyPath: m_LocalPosition.x
      value: 0
      objectReference: {fileID: 0}
    - target: {fileID: 9068590349418290219, guid: 422fac4a116eb7a4baf3b7ebb6be7e6e,
        type: 3}
      propertyPath: m_LocalPosition.y
      value: 0
      objectReference: {fileID: 0}
    - target: {fileID: 9068590349418290219, guid: 422fac4a116eb7a4baf3b7ebb6be7e6e,
        type: 3}
      propertyPath: m_LocalPosition.z
      value: 5
      objectReference: {fileID: 0}
    - target: {fileID: 9068590349418290219, guid: 422fac4a116eb7a4baf3b7ebb6be7e6e,
        type: 3}
      propertyPath: m_LocalRotation.x
      value: -0
      objectReference: {fileID: 0}
    - target: {fileID: 9068590349418290219, guid: 422fac4a116eb7a4baf3b7ebb6be7e6e,
        type: 3}
      propertyPath: m_LocalRotation.y
      value: -0.70709836
      objectReference: {fileID: 0}
    - target: {fileID: 9068590349418290219, guid: 422fac4a116eb7a4baf3b7ebb6be7e6e,
        type: 3}
      propertyPath: m_LocalRotation.z
      value: -0
      objectReference: {fileID: 0}
    - target: {fileID: 9068590349418290219, guid: 422fac4a116eb7a4baf3b7ebb6be7e6e,
        type: 3}
      propertyPath: m_LocalRotation.w
      value: 0.70711523
      objectReference: {fileID: 0}
    - target: {fileID: 9068590349418290219, guid: 422fac4a116eb7a4baf3b7ebb6be7e6e,
        type: 3}
      propertyPath: m_RootOrder
      value: 0
      objectReference: {fileID: 0}
    - target: {fileID: 9068590349418290219, guid: 422fac4a116eb7a4baf3b7ebb6be7e6e,
        type: 3}
      propertyPath: m_LocalEulerAnglesHint.x
      value: 0
      objectReference: {fileID: 0}
    - target: {fileID: 9068590349418290219, guid: 422fac4a116eb7a4baf3b7ebb6be7e6e,
        type: 3}
      propertyPath: m_LocalEulerAnglesHint.y
      value: -89.999
      objectReference: {fileID: 0}
    - target: {fileID: 9068590349418290219, guid: 422fac4a116eb7a4baf3b7ebb6be7e6e,
        type: 3}
      propertyPath: m_LocalEulerAnglesHint.z
      value: 0
      objectReference: {fileID: 0}
    m_RemovedComponents: []
  m_SourcePrefab: {fileID: 100100000, guid: 422fac4a116eb7a4baf3b7ebb6be7e6e, type: 3}
--- !u!4 &5979891368894518965 stripped
Transform:
  m_CorrespondingSourceObject: {fileID: 9068590349418290219, guid: 422fac4a116eb7a4baf3b7ebb6be7e6e,
    type: 3}
  m_PrefabInstance: {fileID: 3397628800173673118}
  m_PrefabAsset: {fileID: 0}
--- !u!1001 &9205129867354053855
PrefabInstance:
  m_ObjectHideFlags: 0
  serializedVersion: 2
  m_Modification:
    m_TransformParent: {fileID: 6310582822739477809}
    m_Modifications:
    - target: {fileID: 3838526982403962237, guid: 6de9aca660111ec449f44e3a0e3986a1,
        type: 3}
      propertyPath: m_Name
      value: Prefab_Entrance_Door
      objectReference: {fileID: 0}
    - target: {fileID: 224746958762690414, guid: 6de9aca660111ec449f44e3a0e3986a1,
        type: 3}
      propertyPath: m_LocalPosition.x
      value: 8
      objectReference: {fileID: 0}
    - target: {fileID: 224746958762690414, guid: 6de9aca660111ec449f44e3a0e3986a1,
        type: 3}
      propertyPath: m_LocalPosition.y
      value: 0
      objectReference: {fileID: 0}
    - target: {fileID: 224746958762690414, guid: 6de9aca660111ec449f44e3a0e3986a1,
        type: 3}
      propertyPath: m_LocalPosition.z
      value: 0
      objectReference: {fileID: 0}
    - target: {fileID: 224746958762690414, guid: 6de9aca660111ec449f44e3a0e3986a1,
        type: 3}
      propertyPath: m_LocalRotation.x
      value: 0
      objectReference: {fileID: 0}
    - target: {fileID: 224746958762690414, guid: 6de9aca660111ec449f44e3a0e3986a1,
        type: 3}
      propertyPath: m_LocalRotation.y
      value: -0
      objectReference: {fileID: 0}
    - target: {fileID: 224746958762690414, guid: 6de9aca660111ec449f44e3a0e3986a1,
        type: 3}
      propertyPath: m_LocalRotation.z
      value: -0
      objectReference: {fileID: 0}
    - target: {fileID: 224746958762690414, guid: 6de9aca660111ec449f44e3a0e3986a1,
        type: 3}
      propertyPath: m_LocalRotation.w
      value: 1
      objectReference: {fileID: 0}
    - target: {fileID: 224746958762690414, guid: 6de9aca660111ec449f44e3a0e3986a1,
        type: 3}
      propertyPath: m_RootOrder
      value: 1
      objectReference: {fileID: 0}
    - target: {fileID: 224746958762690414, guid: 6de9aca660111ec449f44e3a0e3986a1,
        type: 3}
      propertyPath: m_LocalEulerAnglesHint.x
      value: 0
      objectReference: {fileID: 0}
    - target: {fileID: 224746958762690414, guid: 6de9aca660111ec449f44e3a0e3986a1,
        type: 3}
      propertyPath: m_LocalEulerAnglesHint.y
      value: 0
      objectReference: {fileID: 0}
    - target: {fileID: 224746958762690414, guid: 6de9aca660111ec449f44e3a0e3986a1,
        type: 3}
      propertyPath: m_LocalEulerAnglesHint.z
      value: 0
      objectReference: {fileID: 0}
    m_RemovedComponents: []
  m_SourcePrefab: {fileID: 100100000, guid: 6de9aca660111ec449f44e3a0e3986a1, type: 3}
--- !u!4 &8980537184387619761 stripped
Transform:
  m_CorrespondingSourceObject: {fileID: 224746958762690414, guid: 6de9aca660111ec449f44e3a0e3986a1,
    type: 3}
  m_PrefabInstance: {fileID: 9205129867354053855}
  m_PrefabAsset: {fileID: 0}
