%YAML 1.1
%TAG !u! tag:unity3d.com,2011:
--- !u!1 &7046137238920853282
GameObject:
  m_ObjectHideFlags: 0
  m_CorrespondingSourceObject: {fileID: 0}
  m_PrefabInstance: {fileID: 0}
  m_PrefabAsset: {fileID: 0}
  serializedVersion: 6
  m_Component:
  - component: {fileID: 6310582822739477809}
  - component: {fileID: 3082915273236201223}
  - component: {fileID: 8787717424353199102}
  - component: {fileID: 6238027770571075304}
  - component: {fileID: 8023315769449316845}
  - component: {fileID: 2561236349196475420}
  - component: {fileID: 5259159988612516508}
  - component: {fileID: 291948264687189576}
  m_Layer: 0
  m_Name: Room_Up_B
  m_TagString: Untagged
  m_Icon: {fileID: 0}
  m_NavMeshLayer: 0
  m_StaticEditorFlags: 0
  m_IsActive: 1
--- !u!4 &6310582822739477809
Transform:
  m_ObjectHideFlags: 0
  m_CorrespondingSourceObject: {fileID: 0}
  m_PrefabInstance: {fileID: 0}
  m_PrefabAsset: {fileID: 0}
  m_GameObject: {fileID: 7046137238920853282}
  m_LocalRotation: {x: 0, y: -0, z: -0, w: 1}
  m_LocalPosition: {x: -0, y: 0, z: 0}
  m_LocalScale: {x: 1, y: 1, z: 1}
  m_Children:
  - {fileID: 5979891368894518965}
  - {fileID: 6292457066264788057}
  - {fileID: 4577675733180851059}
  - {fileID: 3998031934589540450}
  - {fileID: 2191593215205215474}
  - {fileID: 5548108239076121358}
  - {fileID: 2560579516952412246}
  m_Father: {fileID: 0}
  m_RootOrder: 0
  m_LocalEulerAnglesHint: {x: 0, y: 0, z: 0}
--- !u!33 &3082915273236201223
MeshFilter:
  m_ObjectHideFlags: 0
  m_CorrespondingSourceObject: {fileID: 0}
  m_PrefabInstance: {fileID: 0}
  m_PrefabAsset: {fileID: 0}
  m_GameObject: {fileID: 7046137238920853282}
  m_Mesh: {fileID: 5551418225153903260, guid: d210ad928f23f904198a3a25e4bb89ba, type: 3}
--- !u!23 &8787717424353199102
MeshRenderer:
  m_ObjectHideFlags: 0
  m_CorrespondingSourceObject: {fileID: 0}
  m_PrefabInstance: {fileID: 0}
  m_PrefabAsset: {fileID: 0}
  m_GameObject: {fileID: 7046137238920853282}
  m_Enabled: 1
  m_CastShadows: 1
  m_ReceiveShadows: 1
  m_DynamicOccludee: 1
  m_MotionVectors: 1
  m_LightProbeUsage: 1
  m_ReflectionProbeUsage: 1
  m_RenderingLayerMask: 1
  m_RendererPriority: 0
  m_Materials:
  - {fileID: 2100000, guid: 51d6a3d4722716641ab077b671b55ec9, type: 2}
  - {fileID: 2100000, guid: 3559eb67948945744bfa7807bbd745ec, type: 2}
  m_StaticBatchInfo:
    firstSubMesh: 0
    subMeshCount: 0
  m_StaticBatchRoot: {fileID: 0}
  m_ProbeAnchor: {fileID: 0}
  m_LightProbeVolumeOverride: {fileID: 0}
  m_ScaleInLightmap: 1
  m_ReceiveGI: 1
  m_PreserveUVs: 0
  m_IgnoreNormalsForChartDetection: 0
  m_ImportantGI: 0
  m_StitchLightmapSeams: 1
  m_SelectedEditorRenderState: 3
  m_MinimumChartSize: 4
  m_AutoUVMaxDistance: 0.5
  m_AutoUVMaxAngle: 89
  m_LightmapParameters: {fileID: 0}
  m_SortingLayerID: 0
  m_SortingLayer: 0
  m_SortingOrder: 0
--- !u!65 &6238027770571075304
BoxCollider:
  m_ObjectHideFlags: 0
  m_CorrespondingSourceObject: {fileID: 0}
  m_PrefabInstance: {fileID: 0}
  m_PrefabAsset: {fileID: 0}
  m_GameObject: {fileID: 7046137238920853282}
  m_Material: {fileID: 0}
  m_IsTrigger: 0
  m_Enabled: 1
  serializedVersion: 2
  m_Size: {x: 20, y: 2.63, z: 2}
  m_Center: {x: 0, y: 1.1949999, z: 6}
--- !u!65 &8023315769449316845
BoxCollider:
  m_ObjectHideFlags: 0
  m_CorrespondingSourceObject: {fileID: 0}
  m_PrefabInstance: {fileID: 0}
  m_PrefabAsset: {fileID: 0}
  m_GameObject: {fileID: 7046137238920853282}
  m_Material: {fileID: 0}
  m_IsTrigger: 0
  m_Enabled: 1
  serializedVersion: 2
  m_Size: {x: 20, y: 2.63, z: 2}
  m_Center: {x: 0, y: 1.1949999, z: -6}
--- !u!65 &2561236349196475420
BoxCollider:
  m_ObjectHideFlags: 0
  m_CorrespondingSourceObject: {fileID: 0}
  m_PrefabInstance: {fileID: 0}
  m_PrefabAsset: {fileID: 0}
  m_GameObject: {fileID: 7046137238920853282}
  m_Material: {fileID: 0}
  m_IsTrigger: 0
  m_Enabled: 1
  serializedVersion: 2
  m_Size: {x: 2, y: 2.63, z: 14}
  m_Center: {x: 9, y: 1.1949999, z: 0}
--- !u!65 &5259159988612516508
BoxCollider:
  m_ObjectHideFlags: 0
  m_CorrespondingSourceObject: {fileID: 0}
  m_PrefabInstance: {fileID: 0}
  m_PrefabAsset: {fileID: 0}
  m_GameObject: {fileID: 7046137238920853282}
  m_Material: {fileID: 0}
  m_IsTrigger: 0
  m_Enabled: 1
  serializedVersion: 2
  m_Size: {x: 2, y: 2.63, z: 14}
  m_Center: {x: -9, y: 1.1949999, z: 0}
--- !u!65 &291948264687189576
BoxCollider:
  m_ObjectHideFlags: 0
  m_CorrespondingSourceObject: {fileID: 0}
  m_PrefabInstance: {fileID: 0}
  m_PrefabAsset: {fileID: 0}
  m_GameObject: {fileID: 7046137238920853282}
  m_Material: {fileID: 0}
  m_IsTrigger: 0
  m_Enabled: 1
  serializedVersion: 2
  m_Size: {x: 20, y: 0.13000003, z: 20}
  m_Center: {x: 0, y: -0.055000115, z: 0}
--- !u!1001 &1544136642527567602
PrefabInstance:
  m_ObjectHideFlags: 0
  serializedVersion: 2
  m_Modification:
    m_TransformParent: {fileID: 6310582822739477809}
    m_Modifications:
    - target: {fileID: 8054809759974373359, guid: 9a913e1e6d14d244e9b42d26cd09c923,
        type: 3}
      propertyPath: m_Name
      value: Poster_B (1)
      objectReference: {fileID: 0}
    - target: {fileID: 6454563250041898492, guid: 9a913e1e6d14d244e9b42d26cd09c923,
        type: 3}
      propertyPath: m_LocalPosition.x
      value: -7.999
      objectReference: {fileID: 0}
    - target: {fileID: 6454563250041898492, guid: 9a913e1e6d14d244e9b42d26cd09c923,
        type: 3}
      propertyPath: m_LocalPosition.y
      value: 0.4
      objectReference: {fileID: 0}
    - target: {fileID: 6454563250041898492, guid: 9a913e1e6d14d244e9b42d26cd09c923,
        type: 3}
      propertyPath: m_LocalPosition.z
      value: 0.03
      objectReference: {fileID: 0}
    - target: {fileID: 6454563250041898492, guid: 9a913e1e6d14d244e9b42d26cd09c923,
        type: 3}
      propertyPath: m_LocalRotation.x
      value: 0.076794304
      objectReference: {fileID: 0}
    - target: {fileID: 6454563250041898492, guid: 9a913e1e6d14d244e9b42d26cd09c923,
        type: 3}
      propertyPath: m_LocalRotation.y
      value: 0.7029244
      objectReference: {fileID: 0}
    - target: {fileID: 6454563250041898492, guid: 9a913e1e6d14d244e9b42d26cd09c923,
        type: 3}
      propertyPath: m_LocalRotation.z
      value: 0.076794304
      objectReference: {fileID: 0}
    - target: {fileID: 6454563250041898492, guid: 9a913e1e6d14d244e9b42d26cd09c923,
        type: 3}
      propertyPath: m_LocalRotation.w
      value: 0.7029244
      objectReference: {fileID: 0}
    - target: {fileID: 6454563250041898492, guid: 9a913e1e6d14d244e9b42d26cd09c923,
        type: 3}
      propertyPath: m_RootOrder
      value: 5
      objectReference: {fileID: 0}
    - target: {fileID: 6454563250041898492, guid: 9a913e1e6d14d244e9b42d26cd09c923,
        type: 3}
      propertyPath: m_LocalEulerAnglesHint.x
      value: 0
      objectReference: {fileID: 0}
    - target: {fileID: 6454563250041898492, guid: 9a913e1e6d14d244e9b42d26cd09c923,
        type: 3}
      propertyPath: m_LocalEulerAnglesHint.y
      value: 90.00001
      objectReference: {fileID: 0}
    - target: {fileID: 6454563250041898492, guid: 9a913e1e6d14d244e9b42d26cd09c923,
        type: 3}
      propertyPath: m_LocalEulerAnglesHint.z
      value: 12.47
      objectReference: {fileID: 0}
    m_RemovedComponents: []
  m_SourcePrefab: {fileID: 100100000, guid: 9a913e1e6d14d244e9b42d26cd09c923, type: 3}
--- !u!4 &5548108239076121358 stripped
Transform:
  m_CorrespondingSourceObject: {fileID: 6454563250041898492, guid: 9a913e1e6d14d244e9b42d26cd09c923,
    type: 3}
  m_PrefabInstance: {fileID: 1544136642527567602}
  m_PrefabAsset: {fileID: 0}
--- !u!1001 &3397628800173673118
PrefabInstance:
  m_ObjectHideFlags: 0
  serializedVersion: 2
  m_Modification:
    m_TransformParent: {fileID: 6310582822739477809}
    m_Modifications:
    - target: {fileID: 5440703736815693368, guid: 422fac4a116eb7a4baf3b7ebb6be7e6e,
        type: 3}
      propertyPath: m_Name
      value: Prefab_Exit_Door
      objectReference: {fileID: 0}
    - target: {fileID: 9068590349418290219, guid: 422fac4a116eb7a4baf3b7ebb6be7e6e,
        type: 3}
      propertyPath: m_LocalPosition.x
      value: 0
      objectReference: {fileID: 0}
    - target: {fileID: 9068590349418290219, guid: 422fac4a116eb7a4baf3b7ebb6be7e6e,
        type: 3}
      propertyPath: m_LocalPosition.y
      value: 0
      objectReference: {fileID: 0}
    - target: {fileID: 9068590349418290219, guid: 422fac4a116eb7a4baf3b7ebb6be7e6e,
        type: 3}
      propertyPath: m_LocalPosition.z
      value: -5
      objectReference: {fileID: 0}
    - target: {fileID: 9068590349418290219, guid: 422fac4a116eb7a4baf3b7ebb6be7e6e,
        type: 3}
      propertyPath: m_LocalRotation.x
      value: -0
      objectReference: {fileID: 0}
    - target: {fileID: 9068590349418290219, guid: 422fac4a116eb7a4baf3b7ebb6be7e6e,
        type: 3}
      propertyPath: m_LocalRotation.y
      value: 0.7070845
      objectReference: {fileID: 0}
    - target: {fileID: 9068590349418290219, guid: 422fac4a116eb7a4baf3b7ebb6be7e6e,
        type: 3}
      propertyPath: m_LocalRotation.z
      value: -0
      objectReference: {fileID: 0}
    - target: {fileID: 9068590349418290219, guid: 422fac4a116eb7a4baf3b7ebb6be7e6e,
        type: 3}
      propertyPath: m_LocalRotation.w
      value: 0.7071291
      objectReference: {fileID: 0}
    - target: {fileID: 9068590349418290219, guid: 422fac4a116eb7a4baf3b7ebb6be7e6e,
        type: 3}
      propertyPath: m_RootOrder
      value: 0
      objectReference: {fileID: 0}
    - target: {fileID: 9068590349418290219, guid: 422fac4a116eb7a4baf3b7ebb6be7e6e,
        type: 3}
      propertyPath: m_LocalEulerAnglesHint.x
      value: 0
      objectReference: {fileID: 0}
    - target: {fileID: 9068590349418290219, guid: 422fac4a116eb7a4baf3b7ebb6be7e6e,
        type: 3}
      propertyPath: m_LocalEulerAnglesHint.y
      value: 89.996
      objectReference: {fileID: 0}
    - target: {fileID: 9068590349418290219, guid: 422fac4a116eb7a4baf3b7ebb6be7e6e,
        type: 3}
      propertyPath: m_LocalEulerAnglesHint.z
      value: 0
      objectReference: {fileID: 0}
    m_RemovedComponents: []
  m_SourcePrefab: {fileID: 100100000, guid: 422fac4a116eb7a4baf3b7ebb6be7e6e, type: 3}
--- !u!4 &5979891368894518965 stripped
Transform:
  m_CorrespondingSourceObject: {fileID: 9068590349418290219, guid: 422fac4a116eb7a4baf3b7ebb6be7e6e,
    type: 3}
  m_PrefabInstance: {fileID: 3397628800173673118}
  m_PrefabAsset: {fileID: 0}
--- !u!1001 &5029743791432573961
PrefabInstance:
  m_ObjectHideFlags: 0
  serializedVersion: 2
  m_Modification:
    m_TransformParent: {fileID: 6310582822739477809}
    m_Modifications:
    - target: {fileID: 5481249494503650665, guid: e627dfffa8ff00d48bedb3c52926d057,
        type: 3}
      propertyPath: m_Name
      value: Poster_A
      objectReference: {fileID: 0}
    - target: {fileID: 8811880390965528442, guid: e627dfffa8ff00d48bedb3c52926d057,
        type: 3}
      propertyPath: m_LocalPosition.x
      value: -4.04
      objectReference: {fileID: 0}
    - target: {fileID: 8811880390965528442, guid: e627dfffa8ff00d48bedb3c52926d057,
        type: 3}
      propertyPath: m_LocalPosition.y
      value: 0.4
      objectReference: {fileID: 0}
    - target: {fileID: 8811880390965528442, guid: e627dfffa8ff00d48bedb3c52926d057,
        type: 3}
      propertyPath: m_LocalPosition.z
      value: 4.985
      objectReference: {fileID: 0}
    - target: {fileID: 8811880390965528442, guid: e627dfffa8ff00d48bedb3c52926d057,
        type: 3}
      propertyPath: m_LocalRotation.x
      value: -0.06943172
      objectReference: {fileID: 0}
    - target: {fileID: 8811880390965528442, guid: e627dfffa8ff00d48bedb3c52926d057,
        type: 3}
      propertyPath: m_LocalRotation.y
      value: 0.9975867
      objectReference: {fileID: 0}
    - target: {fileID: 8811880390965528442, guid: e627dfffa8ff00d48bedb3c52926d057,
        type: 3}
      propertyPath: m_LocalRotation.z
      value: -0
      objectReference: {fileID: 0}
    - target: {fileID: 8811880390965528442, guid: e627dfffa8ff00d48bedb3c52926d057,
        type: 3}
      propertyPath: m_LocalRotation.w
      value: 0
      objectReference: {fileID: 0}
    - target: {fileID: 8811880390965528442, guid: e627dfffa8ff00d48bedb3c52926d057,
        type: 3}
      propertyPath: m_RootOrder
      value: 2
      objectReference: {fileID: 0}
    - target: {fileID: 8811880390965528442, guid: e627dfffa8ff00d48bedb3c52926d057,
        type: 3}
      propertyPath: m_LocalEulerAnglesHint.x
      value: 0
      objectReference: {fileID: 0}
    - target: {fileID: 8811880390965528442, guid: e627dfffa8ff00d48bedb3c52926d057,
        type: 3}
      propertyPath: m_LocalEulerAnglesHint.y
      value: 180.00002
      objectReference: {fileID: 0}
    - target: {fileID: 8811880390965528442, guid: e627dfffa8ff00d48bedb3c52926d057,
        type: 3}
      propertyPath: m_LocalEulerAnglesHint.z
      value: -7.9630003
      objectReference: {fileID: 0}
    m_RemovedComponents: []
  m_SourcePrefab: {fileID: 100100000, guid: e627dfffa8ff00d48bedb3c52926d057, type: 3}
--- !u!4 &4577675733180851059 stripped
Transform:
  m_CorrespondingSourceObject: {fileID: 8811880390965528442, guid: e627dfffa8ff00d48bedb3c52926d057,
    type: 3}
  m_PrefabInstance: {fileID: 5029743791432573961}
  m_PrefabAsset: {fileID: 0}
--- !u!1001 &5562449509509472024
PrefabInstance:
  m_ObjectHideFlags: 0
  serializedVersion: 2
  m_Modification:
    m_TransformParent: {fileID: 6310582822739477809}
    m_Modifications:
    - target: {fileID: 5481249494503650665, guid: e627dfffa8ff00d48bedb3c52926d057,
        type: 3}
      propertyPath: m_Name
      value: Poster_A (1)
      objectReference: {fileID: 0}
    - target: {fileID: 8811880390965528442, guid: e627dfffa8ff00d48bedb3c52926d057,
        type: 3}
      propertyPath: m_LocalPosition.x
      value: 7.98
      objectReference: {fileID: 0}
    - target: {fileID: 8811880390965528442, guid: e627dfffa8ff00d48bedb3c52926d057,
        type: 3}
      propertyPath: m_LocalPosition.y
      value: 0.4
      objectReference: {fileID: 0}
    - target: {fileID: 8811880390965528442, guid: e627dfffa8ff00d48bedb3c52926d057,
        type: 3}
      propertyPath: m_LocalPosition.z
      value: 1.99
      objectReference: {fileID: 0}
    - target: {fileID: 8811880390965528442, guid: e627dfffa8ff00d48bedb3c52926d057,
        type: 3}
      propertyPath: m_LocalRotation.x
      value: -0.070697725
      objectReference: {fileID: 0}
    - target: {fileID: 8811880390965528442, guid: e627dfffa8ff00d48bedb3c52926d057,
        type: 3}
      propertyPath: m_LocalRotation.y
      value: 0.70356363
      objectReference: {fileID: 0}
    - target: {fileID: 8811880390965528442, guid: e627dfffa8ff00d48bedb3c52926d057,
        type: 3}
      propertyPath: m_LocalRotation.z
      value: 0.070697725
      objectReference: {fileID: 0}
    - target: {fileID: 8811880390965528442, guid: e627dfffa8ff00d48bedb3c52926d057,
        type: 3}
      propertyPath: m_LocalRotation.w
      value: -0.70356363
      objectReference: {fileID: 0}
    - target: {fileID: 8811880390965528442, guid: e627dfffa8ff00d48bedb3c52926d057,
        type: 3}
      propertyPath: m_RootOrder
      value: 3
      objectReference: {fileID: 0}
    - target: {fileID: 8811880390965528442, guid: e627dfffa8ff00d48bedb3c52926d057,
        type: 3}
      propertyPath: m_LocalEulerAnglesHint.x
      value: 0
      objectReference: {fileID: 0}
    - target: {fileID: 8811880390965528442, guid: e627dfffa8ff00d48bedb3c52926d057,
        type: 3}
      propertyPath: m_LocalEulerAnglesHint.y
      value: 270
      objectReference: {fileID: 0}
    - target: {fileID: 8811880390965528442, guid: e627dfffa8ff00d48bedb3c52926d057,
        type: 3}
      propertyPath: m_LocalEulerAnglesHint.z
      value: -11.476001
      objectReference: {fileID: 0}
    m_RemovedComponents: []
  m_SourcePrefab: {fileID: 100100000, guid: e627dfffa8ff00d48bedb3c52926d057, type: 3}
--- !u!4 &3998031934589540450 stripped
Transform:
  m_CorrespondingSourceObject: {fileID: 8811880390965528442, guid: e627dfffa8ff00d48bedb3c52926d057,
    type: 3}
  m_PrefabInstance: {fileID: 5562449509509472024}
  m_PrefabAsset: {fileID: 0}
--- !u!1001 &6074575759303621431
PrefabInstance:
  m_ObjectHideFlags: 0
  serializedVersion: 2
  m_Modification:
    m_TransformParent: {fileID: 6310582822739477809}
    m_Modifications:
    - target: {fileID: 224746958762690414, guid: 6de9aca660111ec449f44e3a0e3986a1,
        type: 3}
      propertyPath: m_LocalPosition.x
      value: -0
      objectReference: {fileID: 0}
    - target: {fileID: 224746958762690414, guid: 6de9aca660111ec449f44e3a0e3986a1,
        type: 3}
      propertyPath: m_LocalPosition.y
      value: 0
      objectReference: {fileID: 0}
    - target: {fileID: 224746958762690414, guid: 6de9aca660111ec449f44e3a0e3986a1,
        type: 3}
      propertyPath: m_LocalPosition.z
      value: 5
      objectReference: {fileID: 0}
    - target: {fileID: 224746958762690414, guid: 6de9aca660111ec449f44e3a0e3986a1,
        type: 3}
      propertyPath: m_LocalRotation.x
      value: -0
      objectReference: {fileID: 0}
    - target: {fileID: 224746958762690414, guid: 6de9aca660111ec449f44e3a0e3986a1,
        type: 3}
      propertyPath: m_LocalRotation.y
      value: -0.70709306
      objectReference: {fileID: 0}
    - target: {fileID: 224746958762690414, guid: 6de9aca660111ec449f44e3a0e3986a1,
        type: 3}
      propertyPath: m_LocalRotation.z
      value: -0
      objectReference: {fileID: 0}
    - target: {fileID: 224746958762690414, guid: 6de9aca660111ec449f44e3a0e3986a1,
        type: 3}
      propertyPath: m_LocalRotation.w
      value: 0.70712054
      objectReference: {fileID: 0}
    - target: {fileID: 224746958762690414, guid: 6de9aca660111ec449f44e3a0e3986a1,
        type: 3}
      propertyPath: m_RootOrder
      value: 1
      objectReference: {fileID: 0}
    - target: {fileID: 224746958762690414, guid: 6de9aca660111ec449f44e3a0e3986a1,
        type: 3}
      propertyPath: m_LocalEulerAnglesHint.x
      value: 0
      objectReference: {fileID: 0}
    - target: {fileID: 224746958762690414, guid: 6de9aca660111ec449f44e3a0e3986a1,
        type: 3}
      propertyPath: m_LocalEulerAnglesHint.y
      value: -89.998
      objectReference: {fileID: 0}
    - target: {fileID: 224746958762690414, guid: 6de9aca660111ec449f44e3a0e3986a1,
        type: 3}
      propertyPath: m_LocalEulerAnglesHint.z
      value: 0
      objectReference: {fileID: 0}
    - target: {fileID: 3838526982403962237, guid: 6de9aca660111ec449f44e3a0e3986a1,
        type: 3}
      propertyPath: m_Name
      value: Prefab_Entrance_Door
      objectReference: {fileID: 0}
    m_RemovedComponents: []
  m_SourcePrefab: {fileID: 100100000, guid: 6de9aca660111ec449f44e3a0e3986a1, type: 3}
--- !u!4 &6292457066264788057 stripped
Transform:
  m_CorrespondingSourceObject: {fileID: 224746958762690414, guid: 6de9aca660111ec449f44e3a0e3986a1,
    type: 3}
  m_PrefabInstance: {fileID: 6074575759303621431}
  m_PrefabAsset: {fileID: 0}
--- !u!1001 &7214780818698111880
PrefabInstance:
  m_ObjectHideFlags: 0
  serializedVersion: 2
  m_Modification:
    m_TransformParent: {fileID: 6310582822739477809}
    m_Modifications:
    - target: {fileID: 5481249494503650665, guid: e627dfffa8ff00d48bedb3c52926d057,
        type: 3}
      propertyPath: m_Name
      value: Poster_A (2)
      objectReference: {fileID: 0}
    - target: {fileID: 8811880390965528442, guid: e627dfffa8ff00d48bedb3c52926d057,
        type: 3}
      propertyPath: m_LocalPosition.x
      value: -7.996
      objectReference: {fileID: 0}
    - target: {fileID: 8811880390965528442, guid: e627dfffa8ff00d48bedb3c52926d057,
        type: 3}
      propertyPath: m_LocalPosition.y
      value: 0.4
      objectReference: {fileID: 0}
    - target: {fileID: 8811880390965528442, guid: e627dfffa8ff00d48bedb3c52926d057,
        type: 3}
      propertyPath: m_LocalPosition.z
      value: -2.72
      objectReference: {fileID: 0}
    - target: {fileID: 8811880390965528442, guid: e627dfffa8ff00d48bedb3c52926d057,
        type: 3}
      propertyPath: m_LocalRotation.x
      value: -0.04361168
      objectReference: {fileID: 0}
    - target: {fileID: 8811880390965528442, guid: e627dfffa8ff00d48bedb3c52926d057,
        type: 3}
      propertyPath: m_LocalRotation.y
      value: 0.70576066
      objectReference: {fileID: 0}
    - target: {fileID: 8811880390965528442, guid: e627dfffa8ff00d48bedb3c52926d057,
        type: 3}
      propertyPath: m_LocalRotation.z
      value: -0.04361168
      objectReference: {fileID: 0}
    - target: {fileID: 8811880390965528442, guid: e627dfffa8ff00d48bedb3c52926d057,
        type: 3}
      propertyPath: m_LocalRotation.w
      value: 0.70576066
      objectReference: {fileID: 0}
    - target: {fileID: 8811880390965528442, guid: e627dfffa8ff00d48bedb3c52926d057,
        type: 3}
      propertyPath: m_RootOrder
      value: 4
      objectReference: {fileID: 0}
    - target: {fileID: 8811880390965528442, guid: e627dfffa8ff00d48bedb3c52926d057,
        type: 3}
      propertyPath: m_LocalEulerAnglesHint.x
      value: 0
      objectReference: {fileID: 0}
    - target: {fileID: 8811880390965528442, guid: e627dfffa8ff00d48bedb3c52926d057,
        type: 3}
      propertyPath: m_LocalEulerAnglesHint.y
      value: 90.00001
      objectReference: {fileID: 0}
    - target: {fileID: 8811880390965528442, guid: e627dfffa8ff00d48bedb3c52926d057,
        type: 3}
      propertyPath: m_LocalEulerAnglesHint.z
      value: -7.0720005
      objectReference: {fileID: 0}
    m_RemovedComponents: []
  m_SourcePrefab: {fileID: 100100000, guid: e627dfffa8ff00d48bedb3c52926d057, type: 3}
--- !u!4 &2191593215205215474 stripped
Transform:
  m_CorrespondingSourceObject: {fileID: 8811880390965528442, guid: e627dfffa8ff00d48bedb3c52926d057,
    type: 3}
  m_PrefabInstance: {fileID: 7214780818698111880}
  m_PrefabAsset: {fileID: 0}
--- !u!1001 &8798404835803055530
PrefabInstance:
  m_ObjectHideFlags: 0
  serializedVersion: 2
  m_Modification:
    m_TransformParent: {fileID: 6310582822739477809}
    m_Modifications:
    - target: {fileID: 8054809759974373359, guid: 9a913e1e6d14d244e9b42d26cd09c923,
        type: 3}
      propertyPath: m_Name
      value: Poster_B (2)
      objectReference: {fileID: 0}
    - target: {fileID: 6454563250041898492, guid: 9a913e1e6d14d244e9b42d26cd09c923,
        type: 3}
      propertyPath: m_LocalPosition.x
      value: 2.32
      objectReference: {fileID: 0}
    - target: {fileID: 6454563250041898492, guid: 9a913e1e6d14d244e9b42d26cd09c923,
        type: 3}
      propertyPath: m_LocalPosition.y
      value: 0.4
      objectReference: {fileID: 0}
    - target: {fileID: 6454563250041898492, guid: 9a913e1e6d14d244e9b42d26cd09c923,
        type: 3}
      propertyPath: m_LocalPosition.z
      value: 4.99
      objectReference: {fileID: 0}
    - target: {fileID: 6454563250041898492, guid: 9a913e1e6d14d244e9b42d26cd09c923,
        type: 3}
      propertyPath: m_LocalRotation.x
      value: 0.046659827
      objectReference: {fileID: 0}
    - target: {fileID: 6454563250041898492, guid: 9a913e1e6d14d244e9b42d26cd09c923,
        type: 3}
      propertyPath: m_LocalRotation.y
      value: 0.99891084
      objectReference: {fileID: 0}
    - target: {fileID: 6454563250041898492, guid: 9a913e1e6d14d244e9b42d26cd09c923,
        type: 3}
      propertyPath: m_LocalRotation.z
      value: -0
      objectReference: {fileID: 0}
    - target: {fileID: 6454563250041898492, guid: 9a913e1e6d14d244e9b42d26cd09c923,
        type: 3}
      propertyPath: m_LocalRotation.w
      value: 0
      objectReference: {fileID: 0}
    - target: {fileID: 6454563250041898492, guid: 9a913e1e6d14d244e9b42d26cd09c923,
        type: 3}
      propertyPath: m_RootOrder
      value: 6
      objectReference: {fileID: 0}
    - target: {fileID: 6454563250041898492, guid: 9a913e1e6d14d244e9b42d26cd09c923,
        type: 3}
      propertyPath: m_LocalEulerAnglesHint.x
      value: 0
      objectReference: {fileID: 0}
    - target: {fileID: 6454563250041898492, guid: 9a913e1e6d14d244e9b42d26cd09c923,
        type: 3}
      propertyPath: m_LocalEulerAnglesHint.y
      value: 180.00002
      objectReference: {fileID: 0}
    - target: {fileID: 6454563250041898492, guid: 9a913e1e6d14d244e9b42d26cd09c923,
        type: 3}
      propertyPath: m_LocalEulerAnglesHint.z
      value: 5.3490005
      objectReference: {fileID: 0}
    m_RemovedComponents: []
  m_SourcePrefab: {fileID: 100100000, guid: 9a913e1e6d14d244e9b42d26cd09c923, type: 3}
--- !u!4 &2560579516952412246 stripped
Transform:
  m_CorrespondingSourceObject: {fileID: 6454563250041898492, guid: 9a913e1e6d14d244e9b42d26cd09c923,
    type: 3}
  m_PrefabInstance: {fileID: 8798404835803055530}
  m_PrefabAsset: {fileID: 0}
